@MISC{pd,
title = {Pure Data},
author = {Miller Smith Puckette},
url = {http://puredata.info/}
}

@MISC{maxmsp,
title = {Max},
author = {Miller Smith Puckette},
publisher = {Cycling74},
url = {http://cycling74.com/products/max/}
}

@MISC{vvvv,
title = {vvvv - a multipurpose toolkit},
url = {http://vvvv.org/}
}

@MISC{quartzcomposer,
title = {Quartz Composer},
author = {Pierre-Olivier Latour},
publisher = {Apple Computer},
year = {2005}
}

@MISC{isadora,
title = {Isadora},
author = {Mark Coniglio},
publisher = {TroikaTronix},
url = {http://www.troikatronix.com/isadora.html}
}

@MISC{field,
title = {Field},
publisher = {OpenEnded Group},
year = {2008},
url = {http://openendedgroup.com/field}
}

@phdthesis{wekinator,
Address = {Princeton, NJ, USA},
Author = {Rebecca Fiebrink},
Month = {January},
School = {Princeton University},
Title = {Real-time Human Interaction with Supervised Learning Algorithms for Music Composition and Performance},
Year = {2011}}

@MISC{inventing,
Author = {Bret Victor},
Title = {Inventing on Principle},
Year = {2012},
url = {http://vimeo.com/36579366}
}

@MISC{kay,
Author = {Alan Kay},
Title = {Doing with Images Makes Symbols: Communicating with Computers},
Year = {1987},
url = {http://archive.org/details/AlanKeyD1987}
}

@inproceedings{sketchpad,
 author = {Sutherland, Ivan E.},
 title = {Sketchpad: a man-machine graphical communication system},
 booktitle = {Proceedings of the May 21-23, 1963, spring joint computer conference},
 series = {AFIPS '63 (Spring)},
 year = {1963},
 location = {Detroit, Michigan},
 pages = {329--346},
 numpages = {18},
 url = {http://doi.acm.org/10.1145/1461551.1461591},
 doi = {10.1145/1461551.1461591},
 acmid = {1461591},
 publisher = {ACM},
 address = {New York, NY, USA},
}

@techreport{nls,
    annote = {Introduces the H-LAM/T-System (human augmented by language, artifacts and methodology in which he is trained)},
    author = {Engelbart, Douglas C.},
    citeulike-article-id = {833909},
    institution = {Air Force Office of Scientific Research},
    keywords = {hci, history, reference, social, sociotechnical, usability},
    posted-at = {2006-09-07 20:09:48},
    priority = {2},
    title = {{Augmenting Human Intellect: A Conceptual Framework}},
    year = {1962}
}

@MISC{github,
Title = {GitHub},
url = {https://github.com/}
}

@MISC{ror,
Title = {Ruby on Rails},
Author = {David Heinemeier Hansson},
url = {http://rubyonrails.org/}
}

@MISC{hypercard,
Title = {Hypercard},
author = {Bill Atkinson},
publisher = {Apple Computer},
year = {1987}
}

@MISC{arduino,
Title = {Arduino},
url = {http://www.arduino.cc/}
}

@MISC{processing,
Title = {http://processing.org/},
url = {http://processing.org/},
author = {Ben Fry and Casey Reas}
}

@MISC{dynamicpictures,
Title = {Dynamic Pictures},
author = {Bret Victor},
url = {http://worrydream.com/DynamicPicturesMotivation/},
year = {2011}
}



@MISC{contextfree,
Title = {Context Free},
author = {Chris Coyne and Mark Lentczner and John Horigan},
year = {2005},
url = {http://www.contextfreeart.org/}
}

@book{logo,
 author = {Papert, Seymour},
 title = {Mindstorms: children, computers, and powerful ideas},
 year = {1980},
 isbn = {0-465-04627-4},
 publisher = {Basic Books, Inc.},
 address = {New York, NY, USA},
}

@book{sicp,
  title={Structure and Interpretation of Computer Programs},
  author={Abelson, H. and Sussman, G.J. and Sussman, J.},
  isbn={9780262011532},
  lccn={96017756},
  series={Mit Electrical Engineering and Computer Science Series},
  url={http://books.google.com/books?id=2p887sEWtAYC},
  year={1996},
  publisher={Mit Press}
}

@article{haskell,
 author = {Hudak, Paul and Peyton Jones, Simon and Wadler, Philip and Boutel, Brian and Fairbairn, Jon and Fasel, Joseph and Guzm\'{a}n, Mar\'{\i}a M. and Hammond, Kevin and Hughes, John and Johnsson, Thomas and Kieburtz, Dick and Nikhil, Rishiyur and Partain, Will and Peterson, John},
 title = {Report on the programming language Haskell: a non-strict, purely functional language version 1.2},
 journal = {SIGPLAN Not.},
 issue_date = {May 1992},
 volume = {27},
 number = {5},
 month = may,
 year = {1992},
 issn = {0362-1340},
 pages = {1--164},
 numpages = {164},
 url = {http://doi.acm.org/10.1145/130697.130699},
 doi = {10.1145/130697.130699},
 acmid = {130699},
 publisher = {ACM},
 address = {New York, NY, USA},
}

@techreport{sussman,
    author = {Sussman, G. J.},
    citeulike-article-id = {9499098},
    keywords = {degeneracy},
    posted-at = {2011-07-04 04:19:35},
    priority = {5},
    publisher = {Citeseer},
    title = {Building Robust Systems an essay},
    year = {2007}
}

@book{designeveryday,
  title={The Design of Everyday Things},
  author={Norman, D.A.},
  isbn={9780465067107},
  lccn={2003269451},
  series={Basic Books},
  url={http://books.google.com/books?id=w8pM72p\_dpoC},
  year={2002},
  publisher={Basic Books}
}

@book{inmates,
 author = {Cooper, Alan},
 title = {The  Inmates Are Running the Asylum},
 year = {1999},
 isbn = {0672316498},
 publisher = {Macmillan Publishing Co., Inc.},
 address = {Indianapolis, IN, USA},
}













