@MISC{pd,
author={Puckette M et al},
title = {Pd},
month = apr,
year = {2012}
}